%YAML 1.1
%TAG !u! tag:unity3d.com,2011:
--- !u!1 &3002903850119190973
GameObject:
  m_ObjectHideFlags: 0
  m_CorrespondingSourceObject: {fileID: 0}
  m_PrefabInstance: {fileID: 0}
  m_PrefabAsset: {fileID: 0}
  serializedVersion: 6
  m_Component:
  - component: {fileID: 3002903850119190972}
  m_Layer: 0
  m_Name: 3_coin_reward
  m_TagString: Untagged
  m_Icon: {fileID: 0}
  m_NavMeshLayer: 0
  m_StaticEditorFlags: 0
  m_IsActive: 1
--- !u!4 &3002903850119190972
Transform:
  m_ObjectHideFlags: 0
  m_CorrespondingSourceObject: {fileID: 0}
  m_PrefabInstance: {fileID: 0}
  m_PrefabAsset: {fileID: 0}
  m_GameObject: {fileID: 3002903850119190973}
  m_LocalRotation: {x: 0, y: 0, z: 0, w: 1}
  m_LocalPosition: {x: 0, y: 0, z: 0}
  m_LocalScale: {x: 1, y: 1, z: 1}
  m_Children:
  - {fileID: 2191094641216792894}
  - {fileID: 7812040948650690841}
  - {fileID: 3817200881760282760}
  m_Father: {fileID: 0}
  m_RootOrder: 0
  m_LocalEulerAnglesHint: {x: 0, y: 0, z: 0}
--- !u!1001 &2758682393532355310
PrefabInstance:
  m_ObjectHideFlags: 0
  serializedVersion: 2
  m_Modification:
    m_TransformParent: {fileID: 3002903850119190972}
    m_Modifications:
    - target: {fileID: 2613698743247958764, guid: 07133bf4259a7334592f197054251776,
        type: 3}
      propertyPath: m_Name
      value: Coin
      objectReference: {fileID: 0}
    - target: {fileID: 5341619760566082551, guid: 07133bf4259a7334592f197054251776,
        type: 3}
      propertyPath: m_LocalPosition.x
      value: -2.56
      objectReference: {fileID: 0}
    - target: {fileID: 5341619760566082551, guid: 07133bf4259a7334592f197054251776,
        type: 3}
      propertyPath: m_LocalPosition.y
      value: -1.66
      objectReference: {fileID: 0}
    - target: {fileID: 5341619760566082551, guid: 07133bf4259a7334592f197054251776,
        type: 3}
      propertyPath: m_LocalPosition.z
      value: 34.885098
      objectReference: {fileID: 0}
    - target: {fileID: 5341619760566082551, guid: 07133bf4259a7334592f197054251776,
        type: 3}
      propertyPath: m_LocalRotation.x
      value: -0
      objectReference: {fileID: 0}
    - target: {fileID: 5341619760566082551, guid: 07133bf4259a7334592f197054251776,
        type: 3}
      propertyPath: m_LocalRotation.y
      value: -0
      objectReference: {fileID: 0}
    - target: {fileID: 5341619760566082551, guid: 07133bf4259a7334592f197054251776,
        type: 3}
      propertyPath: m_LocalRotation.z
      value: -0
      objectReference: {fileID: 0}
    - target: {fileID: 5341619760566082551, guid: 07133bf4259a7334592f197054251776,
        type: 3}
      propertyPath: m_LocalRotation.w
      value: 1
      objectReference: {fileID: 0}
    - target: {fileID: 5341619760566082551, guid: 07133bf4259a7334592f197054251776,
        type: 3}
      propertyPath: m_RootOrder
      value: 1
      objectReference: {fileID: 0}
    - target: {fileID: 5341619760566082551, guid: 07133bf4259a7334592f197054251776,
        type: 3}
      propertyPath: m_LocalEulerAnglesHint.x
      value: 0
      objectReference: {fileID: 0}
    - target: {fileID: 5341619760566082551, guid: 07133bf4259a7334592f197054251776,
        type: 3}
      propertyPath: m_LocalEulerAnglesHint.y
      value: 0
      objectReference: {fileID: 0}
    - target: {fileID: 5341619760566082551, guid: 07133bf4259a7334592f197054251776,
        type: 3}
      propertyPath: m_LocalEulerAnglesHint.z
      value: 0
      objectReference: {fileID: 0}
    m_RemovedComponents: []
  m_SourcePrefab: {fileID: 100100000, guid: 07133bf4259a7334592f197054251776, type: 3}
--- !u!4 &7812040948650690841 stripped
Transform:
  m_CorrespondingSourceObject: {fileID: 5341619760566082551, guid: 07133bf4259a7334592f197054251776,
    type: 3}
  m_PrefabInstance: {fileID: 2758682393532355310}
  m_PrefabAsset: {fileID: 0}
--- !u!1001 &6073502295189009097
PrefabInstance:
  m_ObjectHideFlags: 0
  serializedVersion: 2
  m_Modification:
    m_TransformParent: {fileID: 3002903850119190972}
    m_Modifications:
    - target: {fileID: 2613698743247958764, guid: 07133bf4259a7334592f197054251776,
        type: 3}
      propertyPath: m_Name
      value: Coin (3)
      objectReference: {fileID: 0}
    - target: {fileID: 5341619760566082551, guid: 07133bf4259a7334592f197054251776,
        type: 3}
      propertyPath: m_LocalPosition.x
      value: -2.0255995
      objectReference: {fileID: 0}
    - target: {fileID: 5341619760566082551, guid: 07133bf4259a7334592f197054251776,
        type: 3}
      propertyPath: m_LocalPosition.y
      value: -2.758368
      objectReference: {fileID: 0}
    - target: {fileID: 5341619760566082551, guid: 07133bf4259a7334592f197054251776,
        type: 3}
      propertyPath: m_LocalPosition.z
      value: 34.885098
      objectReference: {fileID: 0}
    - target: {fileID: 5341619760566082551, guid: 07133bf4259a7334592f197054251776,
        type: 3}
      propertyPath: m_LocalRotation.x
      value: -0
      objectReference: {fileID: 0}
    - target: {fileID: 5341619760566082551, guid: 07133bf4259a7334592f197054251776,
        type: 3}
      propertyPath: m_LocalRotation.y
      value: -0
      objectReference: {fileID: 0}
    - target: {fileID: 5341619760566082551, guid: 07133bf4259a7334592f197054251776,
        type: 3}
      propertyPath: m_LocalRotation.z
      value: -0
      objectReference: {fileID: 0}
    - target: {fileID: 5341619760566082551, guid: 07133bf4259a7334592f197054251776,
        type: 3}
      propertyPath: m_LocalRotation.w
      value: 1
      objectReference: {fileID: 0}
    - target: {fileID: 5341619760566082551, guid: 07133bf4259a7334592f197054251776,
        type: 3}
      propertyPath: m_RootOrder
      value: 0
      objectReference: {fileID: 0}
    - target: {fileID: 5341619760566082551, guid: 07133bf4259a7334592f197054251776,
        type: 3}
      propertyPath: m_LocalEulerAnglesHint.x
      value: 0
      objectReference: {fileID: 0}
    - target: {fileID: 5341619760566082551, guid: 07133bf4259a7334592f197054251776,
        type: 3}
      propertyPath: m_LocalEulerAnglesHint.y
      value: 0
      objectReference: {fileID: 0}
    - target: {fileID: 5341619760566082551, guid: 07133bf4259a7334592f197054251776,
        type: 3}
      propertyPath: m_LocalEulerAnglesHint.z
      value: 0
      objectReference: {fileID: 0}
    m_RemovedComponents: []
  m_SourcePrefab: {fileID: 100100000, guid: 07133bf4259a7334592f197054251776, type: 3}
--- !u!4 &2191094641216792894 stripped
Transform:
  m_CorrespondingSourceObject: {fileID: 5341619760566082551, guid: 07133bf4259a7334592f197054251776,
    type: 3}
  m_PrefabInstance: {fileID: 6073502295189009097}
  m_PrefabAsset: {fileID: 0}
--- !u!1001 &9140149062226326399
PrefabInstance:
  m_ObjectHideFlags: 0
  serializedVersion: 2
  m_Modification:
    m_TransformParent: {fileID: 3002903850119190972}
    m_Modifications:
    - target: {fileID: 2613698743247958764, guid: 07133bf4259a7334592f197054251776,
        type: 3}
      propertyPath: m_Name
      value: Coin (1)
      objectReference: {fileID: 0}
    - target: {fileID: 5341619760566082551, guid: 07133bf4259a7334592f197054251776,
        type: 3}
      propertyPath: m_LocalPosition.x
      value: -0.46
      objectReference: {fileID: 0}
    - target: {fileID: 5341619760566082551, guid: 07133bf4259a7334592f197054251776,
        type: 3}
      propertyPath: m_LocalPosition.y
      value: -1.95
      objectReference: {fileID: 0}
    - target: {fileID: 5341619760566082551, guid: 07133bf4259a7334592f197054251776,
        type: 3}
      propertyPath: m_LocalPosition.z
      value: 34.06
      objectReference: {fileID: 0}
    - target: {fileID: 5341619760566082551, guid: 07133bf4259a7334592f197054251776,
        type: 3}
      propertyPath: m_LocalRotation.x
      value: -0
      objectReference: {fileID: 0}
    - target: {fileID: 5341619760566082551, guid: 07133bf4259a7334592f197054251776,
        type: 3}
      propertyPath: m_LocalRotation.y
      value: -0
      objectReference: {fileID: 0}
    - target: {fileID: 5341619760566082551, guid: 07133bf4259a7334592f197054251776,
        type: 3}
      propertyPath: m_LocalRotation.z
      value: -0
      objectReference: {fileID: 0}
    - target: {fileID: 5341619760566082551, guid: 07133bf4259a7334592f197054251776,
        type: 3}
      propertyPath: m_LocalRotation.w
      value: 1
      objectReference: {fileID: 0}
    - target: {fileID: 5341619760566082551, guid: 07133bf4259a7334592f197054251776,
        type: 3}
      propertyPath: m_RootOrder
      value: 2
      objectReference: {fileID: 0}
    - target: {fileID: 5341619760566082551, guid: 07133bf4259a7334592f197054251776,
        type: 3}
      propertyPath: m_LocalEulerAnglesHint.x
      value: 0
      objectReference: {fileID: 0}
    - target: {fileID: 5341619760566082551, guid: 07133bf4259a7334592f197054251776,
        type: 3}
      propertyPath: m_LocalEulerAnglesHint.y
      value: 0
      objectReference: {fileID: 0}
    - target: {fileID: 5341619760566082551, guid: 07133bf4259a7334592f197054251776,
        type: 3}
      propertyPath: m_LocalEulerAnglesHint.z
      value: 0
      objectReference: {fileID: 0}
    m_RemovedComponents: []
  m_SourcePrefab: {fileID: 100100000, guid: 07133bf4259a7334592f197054251776, type: 3}
--- !u!4 &3817200881760282760 stripped
Transform:
  m_CorrespondingSourceObject: {fileID: 5341619760566082551, guid: 07133bf4259a7334592f197054251776,
    type: 3}
  m_PrefabInstance: {fileID: 9140149062226326399}
  m_PrefabAsset: {fileID: 0}
